@article{smith2021datamining,
    title={Data Mining Techniques for Predictive Analytics},
    journal={Journal of Data Science},
    author={Smith, John and Johnson, Emily},
    volume={10},
    number={2},
    pages={123-145},
    year={2021},
    publisher={Data Science Association}
}

@article{smith2021dataminingOther,
    title={Data Mining Techniques for Predictive Analytics},
    author={Smith, John and Johnson, Emily},
    volume={10},
    journal={Journal of Data Science},
    number={2},
    pages={101-111},
    year={2021},
    publisher={Data Science Association}
}